1645 2530
175 319 282 343 unum
312 305 537 350 neon-onium,
576 306 637 352 qui
674 306 711 341 in
742 305 811 340 hac
844 310 955 340 tamen
987 317 1025 340 re
1049 297 1156 340 instar
1188 306 1338 340 omnium
1364 318 1436 342 ense

176 372 313 416 nequit,
334 370 537 416 neglectam
564 381 741 415 paeneque
760 368 960 402 derelictam
978 368 1132 414 ingredi„
1166 369 1261 411 Quae
1280 370 1437 413 quoniam

173 433 215 467 iis
235 424 487 478 quaestionibus
508 431 712 474 continetur,
738 442 758 464 e
778 430 901 475 quibus
920 430 1134 476 potissimum
1153 431 1298 477 pendet,
1325 437 1437 466 utrum

175 495 322 538 scriptor
347 494 451 527 laude
479 505 523 526 an
549 493 797 537 vituperatione
824 492 948 538 dignus
968 493 1011 526 sit
1026 492 1252 537 judicandus,
1280 500 1437 527 accurata

173 556 443 591 consideratione
476 567 561 601 opus
594 561 663 598 est,
703 566 747 588 ne
780 555 865 600 quid
896 560 1025 588 temere
1057 556 1113 588 vel
1145 555 1350 595 affirmemus
1382 557 1437 590 vel

171 631 374 654 recusemus.
426 619 468 653 In
502 630 603 663 quam
634 624 769 664 partem
800 618 954 653 nonnulli
986 630 1146 664 peccasse
1173 620 1341 663 videntur,
1378 621 1435 665 qui

167 683 304 729 judicia
336 683 381 716 de
412 682 593 717 Plutarchi
619 682 775 716 fontibus
801 682 925 716 cursim
950 682 1123 729 fecerunt,
1155 683 1303 729 speciem
1328 684 1435 730 magis

172 758 273 792 quam
305 747 474 792 specimen
506 746 680 780 doctrinae
712 746 938 780 testificantia.
991 744 1125 788 Veluti,
1164 754 1202 781 ut
1232 747 1301 782 hoc
1333 759 1435 782 unum

171 822 452 853 commemorem,
476 809 654 844 Valerium
680 810 854 844 Antiatem
880 809 1043 844 Krausius
1057 809 1097 857 l)
1116 822 1138 843 a
1156 811 1341 860 Plutarcho
1361 812 1435 857 ipso
1455 845 1459 849 ,

169 884 343 923 nunquam
367 874 498 907 lectum
523 873 717 915 arbitratur,
745 873 893 907 eundem
913 873 968 906 w.
984 874 1025 906 A.
1040 874 1267 921 Beckerus2)
1281 895 1331 901 -—
1345 876 1434 909 scili-

169 944 241 982 cet,
268 922 305 972 ut
331 937 424 984 ejus,
457 938 515 983 qui
542 938 646 970 istum
671 937 742 970 fide
768 938 877 970 minus
904 937 1048 982 dignum
1074 938 1275 983 scriptorem
1301 938 1434 982 potissi-

167 1014 261 1036 mum
300 1006 473 1045 sequatur,
512 1000 651 1034 laudem
690 1000 858 1033 facillime
890 999 1060 1034 deminuat
1092 1020 1142 1026 ——
1174 1001 1208 1034 in
1240 1001 1434 1047 praecipuis

166 1065 347 1109 Plutarchi
374 1064 568 1098 auctoribus
595 1070 764 1097 numerat.

267 1162 419 1195 Tantum
446 1161 552 1206 igitur
571 1161 695 1202 abest,
723 1165 760 1194 ut
785 1160 819 1194 in
840 1160 879 1193 iis
901 1160 1172 1205 aequiescamus,
1200 1171 1287 1205 quae
1307 1160 1351 1193 ‹le
1370 1160 1432 1194 hu-

156 1224 216 1269 jus
244 1222 418 1268 scriptoris
445 1224 501 1256 vel
527 1222 737 1267 praestantia
756 1223 813 1255 vel
833 1223 923 1255 vitiis
944 1234 1182 1266 usquequaque
1201 1222 1322 1255 litteris
1341 1234 1432 1256 man-

163 1287 243 1321 data
270 1294 364 1326 sunt,
397 1291 435 1321 ut
461 1285 697 1319 ne‘Heerenii
723 1285 865 1330 quidem
891 1284 1108 1319 doctissimae
1134 1286 1432 1322 commentationes

106 1357 110 1360 ⁴
162 1351 260 1383 nobis
287 1350 506 1383 satisfaciant.
558 1349 612 1382 De
639 1349 763 1392 quibus
791 1348 884 1381 idem
910 1358 950 1381 ac
975 1359 1036 1382 nos
1061 1348 1117 1381 alii
1138 1359 1271 1392 quoque
1292 1349 1431 1382 sensisse

162 1411 340 1452 videntum
354 1416 562 1445 renovarunt
575 1411 662 1445 enim
677 1410 932 1456 inquisitionem
946 1415 1119 1444 auctorum
1133 1409 1289 1445 Vitarum
1302 1410 1430 1456 Pyrrhi

162 1481 198 1508 et
224 1474 408 1508 Flaminini
435 1474 606 1508 Baehrius
621 1474 683 1520 3),
711 1474 850 1508 Catonis
883 1473 1055 1508 Uticensis
1083 1473 1353 1522 Wentzelius4).

262 1573 382 1607 Habet
421 1579 534 1607 autem
572 1574 778 1617 Heerenius‚
817 1575 995 1609 Rualdum
1034 1580 1069 1609 et
1106 1574 1294 1610 Bartouum
1332 1577 1429 1610 alios-

159 1648 225 1681 que
271 1643 404 1671 veteres
443 1637 624 1682 scriptores
664 1644 818 1680 secutus,
864 1644 903 1672 ut
941 1638 977 1671 in
1016 1638 1084 1672 alio
1117 1638 1191 1684 jam
1229 1638 1347 1671 libello
1385 1639 1428 1671 si-

157 1821 194 1859 1)
216 1820 262 1851 ne
286 1821 356 1861 ejus
379 1824 484 1851 errato
508 1831 535 1851 v.
553 1821 635 1851 Diss.
653 1830 750 1850 meam
771 1821 858 1851 Plut.
881 1819 939 1850 Vit.
952 1795 1016 1851 elic.
1034 1821 1152 1860 Script.
1169 1820 1310 1852 Prooem.
1330 1821 1424 1851 n.22.

155 1889 192 1928 2)
214 1887 345 1918 tranat».
368 1888 398 1919 d.
426 1888 517 1919 Ram.
538 1874 680 1919 anerei.
703 1888 761 1919 τινι.
785 1889 814 1919 1.
837 1888 929 1929 1,ng
951 1889 1035 1920 1843
1057 1899 1087 1929 p.
1110 1887 1162 1918 52.

155 1954 191 1992 3)
213 1953 248 1983 lu
272 1952 416 1983 editione
439 1963 506 1984 sua.
899 1976 906 1981 s

156 2021 189 2060 4)
212 2021 247 2053 in
269 2020 378 2052 Jahrb.
395 2021 425 2061 f.
449 2021 567 2052 maoz.
590 2030 622 2052 a.
646 2020 792 2061 Paodag.
814 2020 872 2053 Bd.
896 2010 934 2054 x.
958 2023 996 2053 n.
1019 2021 1049 2052 1.
1072 2030 1103 2062 p.
1125 2021 1283 2053 οι-ιοο.
