1645 2530
231 311 310 341 τος,
348 296 498 341 μέλλωσι
527 296 706 330 κοινωνεῖν
731 291 913 343 οἷλλήλοις,
952 292 1044 339 quae
1066 294 1256 328 Plutarcho
1277 295 1486 340 potissimum

232 358 399 405 placuisse
431 356 577 400 videtur,
614 357 699 391 latet
730 358 765 391 in
798 356 854 401 iis,
892 369 977 403 quae
1002 358 1096 405 apud
1123 357 1270 393 Paulum
1295 357 1493 405 nuperrime-

232 423 387 469 legimus.
418 419 469 447 —*
502 422 605 464 Quod
643 422 670 455 si
703 422 756 455 cui
787 428 1003 469 argumenta,
1042 423 1161 467 quibus
1194 424 1309 457 adhuc
1340 428 1487 457 nostram

233 483 435 518 sententiam
467 484 684 528 comprobare
718 485 828 517 conati
855 497 985 529 sumus,
1025 486 1147 532 exigua
1172 494 1233 521 nec
1259 486 1339 521 satis
1364 485 1487 533 proba-

232 548 313 581 bilia
339 546 508 589 videntur,
535 552 640 580 restat
666 547 776 590 aliud,
803 548 913 594 majus
940 550 1092 585 fortasse.

262 679 266 683 ἵ
335 635 523 669 Varronem
555 636 644 679 enim
677 636 783 670 fusius
816 637 1009 683 nuptiarum
1035 637 1271 672 Romanorum
1303 637 1404 681 ritus,
1443 636 1488 671 de

235 700 357 745 quibus
383 700 509 733 mentio
535 700 678 733 anobis
705 700 797 748 sacta
824 689 893 743 est,
920 706 1099 744 tractasse,
1127 713 1231 746 quum
1249 712 1292 734 ex
1312 701 1386 734 aliis
1407 700 1489 733 alio-

232 774 306 796 rum
339 762 541 808 scriptorum
574 762 676 804 locis,
716 768 789 797 tum
823 775 866 797 ex
899 765 1054 810 sequenti
1088 764 1284 810 quaestione
1310 762 1488 797 Plutarchi

233 826 314 859 22da
340 826 392 859 ed.
419 826 475 859 W.
501 838 535 872 p.
562 826 609 860 71
637 827 691 860 ed.
718 827 779 860 R.:
807 824 880 865 Aca*
905 827 943 864 τί
967 824 1010 863 οὐ
1035 826 1217 870 πλείονας,
1244 822 1318 863 οὐδ’
1344 821 1489 860 ἐλάττο-

232 901 312 930 νας,
352 881 442 921 dua*
474 888 575 922 πέντε
608 884 795 932 λαμπάδας
821 884 995 922 ἅπτουσιν
1022 889 1058 922 ἑν
1085 888 1158 926 τοῖς
1182 883 1328 932 γάμοις,
1366 884 1407 926 (ἲς
1434 885 1488 934 κή-

233 949 358 994 ρίωνας
388 944 641 993 ὄνόμοῖζουσινς
672 948 839 996 πότερον,
874 946 923 988 ὥς
951 944 989 985 B
1004 944 1028 983 α’
1042 951 1062 994 ρ’
1077 954 1097 997 ῥ
1111 965 1136 985 ω
1151 965 1170 985 ν
1202 949 1221 983 ἔ
1233 952 1251 984 λ
1268 964 1281 984 ε
1295 964 1315 993 y
1330 963 1345 984 ε
1359 964 1397 992 ν,
1431 943 1489 982 ὅτι

232 1008 302 1044 τῶν
323 1007 526 1056 στρατηγῶν
548 1009 642 1057 τρισὶ
660 1011 863 1057 χρωμένων,
886 1005 948 1045 σόν
968 1010 1041 1049 τοῖς
1056 1005 1296 1056 ἆγορανόροις
1310 1009 1488 1051 πλείονας,

233 1066 332 1117 napa*
364 1071 399 1106 δὲ
431 1069 501 1106 τῶν
536 1067 769 1116 α’γορανόμων
803 1067 956 1106 ἅπτουσι
991 1068 1035 1106 τό
1066 1071 1135 1116 πῦρ
1163 1075 1197 1106 οἱ
1222 1069 1417 1115 γαμοῦντες
1442 1088 1489 1094 -

233 1136 392 1176 apparet;
420 1132 453 1164 in
479 1143 546 1176 qua
572 1144 673 1176 quum
700 1133 917 1178 gravissimus
943 1133 1066 1166 harum
1084 1144 1196 1166 rerum
1217 1137 1335 1165 auctor
1354 1132 1490 1174 citetur,

231 1194 375 1229 dubium
402 1207 473 1229 esse
499 1208 566 1229 non
591 1202 720 1241 potest,
755 1198 835 1241 quin
862 1197 948 1230 haec
975 1208 1052 1230 cum
1078 1197 1133 1239 iis,
1160 1209 1247 1241 quae
1275 1207 1377 1241 supra
1403 1201 1490 1229 attu-

230 1258 344 1300 limus,
385 1258 565 1303 conjuncte
604 1257 775 1304 descripta
816 1260 949 1293 fuerint.
1015 1259 1117 1301 Quod
1157 1264 1269 1292 autem
1307 1258 1351 1291 ad
1384 1258 1490 1302 ipsam
1521 1280 1525 1282 <

232 1322 458 1367 quaestionem
496 1323 662 1369 pertinet,
702 1323 771 1357 duo
811 1325 905 1365 sunt,
945 1334 1030 1367 quae
1064 1315 1118 1356 me
1150 1323 1403 1367 explicaturum
1436 1321 1490 1355 vix

231 1371 403 1429 pollicear.
468 1386 621 1427 Quorum
654 1388 799 1420 alterum
832 1387 969 1430 quidem
1000 1387 1034 1419 in
1066 1386 1251 1420 sententiae
1287 1386 1490 1418 obscuritate

231 1447 327 1479 inest.
381 1446 452 1479 Sed
479 1447 649 1491 quomodo
675 1448 763 1481 haec
789 1448 940 1490 tollatur,
966 1448 1005 1481 iis
1032 1446 1216 1480 videndum
1243 1447 1322 1488 erit,
1350 1446 1407 1491 qui
1428 1447 1490 1480 cri-

230 1510 331 1550 ticas,
377 1520 460 1553 quas
500 1515 640 1552 vocant,
680 1510 759 1544 libri
798 1510 901 1555 hujus
941 1510 1108 1544 editiones
1147 1510 1322 1543 curabunt.
1367 1509 1489 1545 ‚certe

230 1564 320 1606 enim
346 1573 449 1606 verba
477 1570 538 1608 σΰν
563 1575 636 1613 τοὶς
663 1570 902 1619 α’γορανόμοις
928 1573 1106 1618 πλείονας,
1132 1578 1169 1606 ut
1192 1572 1266 1617 jam
1287 1572 1489 1616 Wyttenba-

230 1635 326 1668 chius
353 1635 542 1676 annotavit,
568 1641 727 1678 corrupte
755 1635 923 1679 leguntur.
977 1632 1143 1667 Miramur
1170 1635 1288 1675 etiam,
1316 1635 1407 1677 quod
1430 1646 1488 1667 nu-

229 1705 342 1731 merus
368 1698 426 1731 ille
454 1696 644 1742 quinarius,
678 1697 932 1752 quemNsaepius
959 1697 1167 1730 Plutarchus
1194 1702 1295 1743 urget
1308 1691 1370 1742 S),
1397 1697 1487 1741 apud

231 1761 314 1794 alios
350 1761 532 1805 scriptores
567 1771 633 1793 non
659 1759 836 1804 reperitur.
889 1759 983 1802 Quae
1009 1771 1060 1793 res
1087 1766 1217 1802 tamen,
1248 1760 1405 1803 quoniam
1424 1767 1489 1793 ‘au-

228 1824 386 1859 ctoritate
413 1824 525 1869 magni
553 1822 727 1869 scriptoris
757 1812 958 1865 affirmatur,
998 1822 1276 1857 considerationis
1302 1822 1410 1868 magis
1437 1828 1488 1855 est

230 1913 531 1934 -z——-—-

230 1965 265 2003 8)
287 1964 343 1994 Ex.
372 1973 419 2001 gr.
442 1966 523 2004 Περὶ
544 1966 595 1995 τοῦ
618 1965 657 1994 lli
679 1966 739 1994 κτλ.
763 1972 791 2002 p.
814 1962 876 1993 524
900 1973 942 2003 uq-
988 1962 1065 2004 Περὶ
1086 1963 1145 1994 τῶν
1167 1963 1311 1994 inid-om.
1332 1974 1432 2004 χρηστ.
1456 1974 1485 2003 p.

329 2017 393 2048 085
415 2017 464 2048 ed.
491 2017 527 2047 R.
