1645 2530
225 215 251 251 4

171 302 273 351 volui.
335 315 462 350 Verum
496 315 545 349 ad
582 315 784 362 hujusmodi
823 316 1035 360 quaestiones
1075 328 1277 361 quamquam
1309 329 1425 351 eorum

172 380 328 426 eiiemplo
354 385 388 412 et
404 380 624 422 auctoritate,
652 392 733 425 quos
755 380 843 421 dixi,
870 380 1029 413 invitatus
1050 393 1143 423 sum,
1169 387 1298 421 tamen,
1325 392 1427 424 quum

168 445 274 477 finem
303 443 533 489 investigandi
565 444 658 476 mihi
683 442 858 487 duplicem
889 443 1073 488 proposui,
1105 454 1223 486 unum,
1254 449 1292 477 ut
1319 443 1427 476 Grae-

170 517 248 540 cum
273 506 472 551 scriptorem
498 518 540 539 ex
567 518 625 540 sua
650 506 797 539 lectione
812 505 984 551 judicem,
1011 507 1173 549 alterum,
1200 513 1239 541 ut
1258 506 1426 552 quaedam

167 575 342 603 auctorum
369 568 444 614 ejus
466 569 700 602 Romanorum
727 568 940 615 fragmenta,
964 581 1048 614 quae
1069 569 1241 613 dicuntur,
1265 569 1426 615 dissipata

166 632 203 666 i¹n
235 645 342 667 unum
374 634 488 666 locum
513 633 705 674 conferam,
736 632 803 666 hac
829 633 864 666 in
890 645 927 666 re
953 633 1108 667 consistit
1133 634 1301 678 quaedam
1327 645 1347 666 a
1372 646 1425 668 su-

165 694 374 739 perioribus,
406 693 463 738 qui
489 694 639 738 priorem
665 699 801 727 tantum
826 696 928 728 finem
954 695 1062 729 secuti
1089 700 1183 738 sunt,
1208 696 1425 729 commutatio

165 764 200 792 et
231 757 411 800 dissensio,
450 762 488 791 ut
521 757 606 790 mihi
633 758 774 803 quidem
799 758 946 801 videtur,
979 758 1071 793 haud
1096 759 1234 793 inutilis.
1281 746 1424 793 ¹Etenim

165 833 270 866 quum
302 821 547 866 perspicerem,
586 827 747 865 quantam
781 833 885 865 quum
917 822 1007 855 omni
1034 827 1185 867 tempore
1212 828 1284 855 tum
1311 828 1425 855 nostra

163 884 315 935 inprimis
348 884 526 927 memoria,
565 884 627 918 viri
659 883 785 918 eruditi
815 885 967 930 reliquiis
1000 884 1181 928 librorum,
1220 885 1277 929 qui
1309 884 1424 918 interi-

163 955 277 991 erunt,
311 948 521 993 >colligendis
548 954 582 981 et
609 948 751 981 edendis
778 960 918 994 operam
945 949 1135 991 dedissent,
1175 951 1281 992 eaque
1307 948 1422 982 studia

162 1010 376 1053 antiquarum
415 1009 606 1042 litterarum
646 1010 792 1042 multum
831 1011 1022 1051 sublevata,
1060 1020 1122 1043 nec
1160 1014 1273 1042 tamen
1306 1009 1424 1042 adhuc

107 1081 111 1091 ¹
162 1086 296 1114 omnem
327 1074 559 1113 Romanorum
592 1074 795 1119 scriptorum
823 1075 997 1117 notitiam,
1036 1086 1122 1119 quae
1148 1075 1183 1107 in
1210 1074 1421 1107 Graecorum

160 1139 266 1171 lateat
292 1138 478 1179 thesauris,
506 1137 704 1171 exhaustam
730 1150 800 1172 esse
820 1139 1064 1184 intelligerem,
1090 1125 1310 1173 lectiunculas
1330 1143 1424 1171 ineas

157 1201 206 1233 ita
245 1201 439 1233 moderatus
480 1212 571 1242 sum,
612 1206 668 1242 ut,
707 1201 850 1234 Graecis
891 1202 1014 1234 Latina
1046 1214 1179 1246 semper
1211 1201 1420 1246 adjungens,

158 1269 321 1310 quantum
348 1265 382 1297 in
409 1276 463 1297 me
491 1270 597 1306 esset,
625 1264 707 1298 huic
733 1265 782 1298 rei
808 1265 955 1298 scribens
983 1265 1084 1298 etiam
1103 1265 1148 1298 de
1167 1250 1318 1299 fontibus
1337 1264 1420 1297 Plu-

157 1329 267 1362 tarchi
294 1329 472 1362 subvenire
498 1340 641 1373 possem.
1143 1372 1145 1374 ‚

258 1392 334 1424 Hac
362 1397 471 1424 tamen
498 1391 676 1425 occasione
701 1392 929 1437 praescriptae
955 1390 1112 1424 brevitati
1138 1390 1341 1434 inserviens,
1359 1390 1422 1424 Vi-

157 1464 209 1490 tas
235 1456 415 1500 parallelas
442 1466 509 1487 non
537 1455 654 1499 attigi,
682 1455 744 1488 sed
770 1467 789 1488 e
815 1456 903 1488 libro
930 1460 1079 1497 tantum,
1105 1455 1164 1498 qui
1184 1454 1310 1490 Αἰτίαι
1323 1451 1416 1489 ιΡω-

153 1520 277 1563 μαϊκαί
315 1518 496 1561 inscriptus
538 1522 604 1558 est,
644 1518 773 1562 aliquot
805 1519 897 1551 locos
930 1517 1150 1551 illustrandos
1183 1517 1272 1562 elegi
1298 1522 1332 1549 et
1359 1527 1421 1565 eos⁴

153 1581 263 1625 ipsos,
297 1581 356 1614 ubi
391 1580 614 1622 Varronis,
648 1576 980 1627 πολογραφωτιίτου
1007 1581 1242 1614 Romanorum
1266 1580 1419 1613 omnium—

153 1645 297 1690 vestigia
331 1649 554 1689 apparerent;
595 1644 678 1677 alios
705 1644 738 1676 in
766 1649 899 1688 tempus
926 1644 1019 1677 aliud
1046 1644 1263 1677 reservandos
1288 1644 1420 1688 putavi„

151 1708 382 1750 Quamobrem
415 1707 645 1740 dissertationi
670 1706 876 1739 Franckenii
890 1706 953 1751 5),
992 1698 1274 1751 quemadmodum
1299 1716 1342 1739 ex
1367 1704 1418 1738 in·

152 1772 337 1817 scriptione
370 1769 454 1804 sola*
472 1770 556 1803 mihi
584 1775 666 1803 nota
691 1769 854 1814 suspicor,
887 1770 1055 1804 consentit
1081 1781 1141 1804 suo
1168 1780 1297 1815 genere
1324 1779 1418 1810 mea,

151 1834 367 1878 quantumvis
394 1834 476 1867 licet
502 1834 545 1866 ab
572 1844 612 1866 ea
637 1833 707 1866 fine
733 1832 883 1866 differat.

152 1951 186 1988 5)
207 1951 295 1981 Dies.
318 1950 469 1981 exbibens
484 1950 676 1990 fragmenta
698 1949 827 1979 Terent.
854 1948 1020 1986 Varronis,
1048 1959 1129 1991 quae
1150 1950 1357 1982 inveniuntur.
1378 1951 1415 1987 in

251 2005 342 2036 libris
364 2004 398 2035 S.
423 2004 604 2045 Augusta‘ni
624 2004 662 2034 de
685 2004 778 2034 Giva’t.
802 2003 874 2033 Dei.
919 2004 1027 2045 Lugd.
1051 2004 1126 2054 ῌᾳι.
1150 2003 1242 2035 1836.
