1645 2530
544 644 687 686 Varro
716 642 967 686 Plutarcho
997 648 1147 686 notus.
1170 681 1173 684 .

223 752 399 826 Constat
425 790 514 823 inter
540 801 670 832 omnes,
697 789 972 832 Quaestionibus,
999 801 1078 834 quas
1104 789 1377 833 interpretantur,
1399 786 1470 820 Ro-

219 858 324 890 manis
357 869 377 889 a
409 857 596 905 Plutarcho
628 858 825 902 conscriptis
857 869 937 902 prae
970 858 1124 890 omnibus
1156 856 1251 889 libris
1282 856 1328 888 ad
1363 854 1469 900 hujus

218 922 338 967 populi
364 922 577 967 antiquitates
603 921 866 967 pertinentibus,
893 921 950 966 qui
969 921 1158 955 etiamnunc
1178 925 1372 966 supersunt,
1395 919 1470 965 pal-

161 995 163 997 ’
213 983 308 1019 vmam
334 998 405 1020 esse
431 984 664 1020 deferendam.
715 986 817 1028 Quod
843 991 956 1019 utrum
981 986 1129 1030 ipsarum
1149 985 1269 1019 merito
1290 990 1391 1029 atque
1412 995 1469 1017 ex-

218 1049 394 1091 cellentia,
434 1060 476 1081 an
509 1049 671 1093 temporis
704 1049 846 1093 quadam
877 1048 1020 1096 invidia,
1060 1060 1126 1092 qua
1153 1048 1258 1081 ceteri
1283 1047 1470 1094 earundem

218 1123 330 1145 rerum
362 1113 559 1157 scriptores,
593 1124 736 1157 quorum
762 1113 905 1157 legimus
931 1112 1050 1145 miram
1075 1112 1177 1145 fuisse
1202 1103 1470 1153 multitudinem,

217 1177 480 1219 interciderunt,
507 1178 550 1211 sit
576 1178 725 1220 factum,
750 1178 807 1211 alii
834 1177 1035 1223 dijudicent.

317 1240 424 1274 Nobis
451 1247 544 1274 certe
570 1247 781 1286 compertum
800 1247 866 1283 est,
893 1253 967 1283 eas,
995 1241 1146 1285 quamvis
1165 1241 1334 1274 interdum
1355 1240 1467 1285 primo

217 1309 354 1349 aspectu
384 1304 533 1337 minutae
557 1289 600 1337 'et
626 1316 731 1349 paene
757 1304 955 1350 nugatoriae
983 1304 1172 1346 videantur,
1211 1303 1391 1337 maximum
1417 1308 1465 1336 ta-

216 1380 294 1402 men
320 1368 470 1413 pondus,
495 1369 521 1401 si
547 1374 639 1401 recte
664 1369 704 1402 iis
730 1374 873 1410 utamur,
899 1369 1037 1411 afferre,
1063 1369 1108 1401 ad
1132 1367 1374 1414 intelligendos
1394 1379 1466 1401 mo—

214 1445 268 1467 res
294 1433 500 1479 permultos,
528 1432 587 1478 qui
612 1443 802 1466 caussarum
828 1432 1035 1467 obscuritate
1062 1433 1203 1467 involuti
1225 1432 1354 1478 jacent.
1383 1431 1466 1466 ‘Ne-

216 1510 282 1543 que
308 1509 382 1531 eam
408 1509 479 1530 rem
504 1498 601 1542 parvi
626 1498 739 1532 facere
766 1498 946 1539 debemus,
977 1496 1069 1540 quod
1096 1496 1236 1541 singulis
1262 1495 1467 1529 Plutarchus

215 1559 399 1605 capitibus,
427 1571 511 1604 quae
537 1572 670 1605 semper
695 1561 739 1592 ab
766 1560 1027 1605 interrogatione
1053 1560 1114 1592 illa
1134 1555 1207 1594 Διά
1228 1560 1265 1596 τί
1282 1559 1464 1604 incipiunt,

214 1624 362 1670 singulos
395 1635 505 1657 mores
539 1629 574 1657 et
606 1624 757 1657 instituta
783 1624 980 1668 simpliciter
1005 1623 1164 1668 nudeque
1190 1623 1344 1669 exponit,
1383 1634 1465 1667 quo-

187 1710 197 1718 ,
213 1699 289 1721 rum
314 1687 439 1721 deinde
465 1688 632 1734 originem
656 1688 710 1721 vel
736 1699 777 1720 ex
804 1699 862 1721 sua
888 1688 942 1731 vel
968 1699 1009 1721 ex
1035 1688 1179 1721 aliorum
1205 1682 1367 1722 sententia
1385 1698 1464 1733 per·-

212 1751 307 1801 sequi
332 1756 479 1785 conatur.
530 1752 658 1794 Quare,
683 1741 857 1797 quoniam,
884 1764 920 1785 re
941 1753 1014 1797 ipsa
1034 1753 1168 1799 integra
1187 1758 1360 1795 manente,
1378 1752 1465 1786 libe-

213 1828 288 1849 rum
318 1816 483 1849 lectorum
511 1813 679 1860 judicium
708 1816 908 1861 relinquitur
940 1827 1003 1850 nec
1034 1816 1104 1850 ulla
1135 1816 1376 1851 asseveratione
1402 1816 1464 1850 im-

212 1877 361 1923 peditur,
377 1877 432 1918 ‚id
459 1876 555 1922 'quod
588 1877 652 1911 sibi
684 1877 755 1910 veri
788 1878 995 1912 simillimum
1027 1878 1081 1911 vel
1114 1877 1259 1911 maxime
1287 1877 1464 1924 probabile
1483 1915 1495 1930 Ι

211 1939 361 1983 videtur,
387 1940 528 1986 quisque
553 1940 702 1987 eligendi
728 1946 932 1988 potestatem
957 1941 1070 1974 habet.
1119 1940 1283 1984 Accedit,
1310 1940 1403 1986 quod
1420 1951 1463 1973 ex

213 2004 344 2037 Latinis
370 2004 538 2047 fontibus,
562 2001 684 2049 quibus
710 2005 912 2049 plerumque
936 2000 1078 2056 no‘mina‘
1091 2004 1292 2049 scriptorum
1310 2004 1464 2052 apposita

212 2071 318 2110 sunt,
333 2067 514 2102 maximam
538 2073 671 2113 partem
697 2067 777 2102 illae
802 2068 1011 2114 quaestiones
1037 2066 1272 2110 deducuntur3
1302 2067 1464 2114 quonim-
